@book{klugman2019loss,
  title={Loss models: from data to decisions},
  author={Klugman, Stuart A and Panjer, Harry H and Willmot, Gordon E},
  year={2019},
  edition={5},
  publisher={John Wiley \& Sons}
}
